%% This BibTeX bibliography file was created using BibDesk.
%% http://bibdesk.sourceforge.net/


%% Created for Elias Le Boudec at 2019-01-17 13:28:01 +0100 


%% Saved with string encoding Unicode (UTF-8) 



@misc{nouvelObs2007,
	Author = {L'Obs},
	Date-Added = {2019-01-17 11:43:59 +0100},
	Date-Modified = {2019-01-17 13:28:01 +0100},
	Howpublished = {[fr] Online. https://bit.ly/2ASwNQP, last checked 17 January 2019},
	Lastchecked = {17 January 2019},
	Month = {October},
	Title = {{Attentats de 1995 : chronologie}},
	Year = {2007},
	Bdsk-Url-1 = {https://www.nouvelobs.com/societe/20071001.OBS7328/attentats-de-1995-chronologie.html}}

@manual{amnesty1991,
	Address = {1 Easton Street, London},
	Date-Added = {2019-01-17 10:20:29 +0100},
	Date-Modified = {2019-01-17 10:24:51 +0100},
	Organization = {Amnesty Internation Publications},
	Title = {{Amnesty Internation Report 1991}},
	Year = {1991}}
